{
  "leader": "02501cam a2200421 i 4500",
  "fields": [
    {
      "001": "ocm00516004\\"
    },
    {
      "003": "OCoLC"
    },
    {
      "005": "20221222163808.0"
    },
    {
      "008": "721107r1972uuuunyua\\\\\\\\\\\\\\\\\\\\001\\0\\eng\\\\"
    },
    {
      "010": {
        "ind1": "\\",
        "ind2": "\\",
        "subfields": [
          {
            "a": "   78189980 "
          }
        ]
      }
    },
    {
      "040": {
        "ind1": "\\",
        "ind2": "\\",
        "subfields": [
          {
            "a": "DLC"
          },
          {
            "b": "eng"
          },
          {
            "c": "DLC"
          },
          {
            "d": "OCL"
          },
          {
            "d": "BTCTA"
          },
          {
            "d": "OCLCQ"
          },
          {
            "d": "OCLCF"
          },
          {
            "d": "EEK"
          },
          {
            "d": "OCLCQ"
          },
          {
            "d": "OCLCO"
          },
          {
            "d": "EYG"
          },
          {
            "d": "NZ1"
          },
          {
            "d": "OCLCO"
          }
        ]
      }
    },
    {
      "019": {
        "ind1": "\\",
        "ind2": "\\",
        "subfields": [
          {
            "a": "4993742"
          }
        ]
      }
    },
    {
      "020": {
        "ind1": "\\",
        "ind2": "\\",
        "subfields": [
          {
            "a": "051750121X"
          }
        ]
      }
    },
    {
      "020": {
        "ind1": "\\",
        "ind2": "\\",
        "subfields": [
          {
            "a": "9780517501214"
          }
        ]
      }
    },
    {
      "035": {
        "ind1": "\\",
        "ind2": "\\",
        "subfields": [
          {
            "a": "(OCoLC)516004"
          },
          {
            "z": "(OCoLC)4993742"
          }
        ]
      }
    },
    {
      "037": {
        "ind1": "\\",
        "ind2": "\\",
        "subfields": [
          {
            "c": "{dollar}5.95"
          }
        ]
      }
    },
    {
      "043": {
        "ind1": "\\",
        "ind2": "\\",
        "subfields": [
          {
            "a": "n-us-mi"
          }
        ]
      }
    },
    {
      "050": {
        "ind1": "\\",
        "ind2": "4",
        "subfields": [
          {
            "a": "E161"
          },
          {
            "b": ".H46 1972"
          }
        ]
      }
    },
    {
      "082": {
        "ind1": "0",
        "ind2": "0",
        "subfields": [
          {
            "a": "973"
          },
          {
            "b": "HEN"
          }
        ]
      }
    },
    {
      "110": {
        "ind1": "2",
        "ind2": "\\",
        "subfields": [
          {
            "a": "Henry Ford Museum and Greenfield Village."
          }
        ]
      }
    },
    {
      "240": {
        "ind1": "1",
        "ind2": "0",
        "subfields": [
          {
            "a": "Greenfield Village"
          }
        ]
      }
    },
    {
      "245": {
        "ind1": "1",
        "ind2": "0",
        "subfields": [
          {
            "a": "Greenfield Village and the Henry Ford Museum /"
          },
          {
            "c": "by the Henry Ford Museum staff."
          }
        ]
      }
    },
    {
      "260": {
        "ind1": "\\",
        "ind2": "\\",
        "subfields": [
          {
            "a": "New York :"
          },
          {
            "b": "Crown Publishers,"
          },
          {
            "c": "[1972]"
          }
        ]
      }
    },
    {
      "300": {
        "ind1": "\\",
        "ind2": "\\",
        "subfields": [
          {
            "a": "247 pages :"
          },
          {
            "b": "illustrations ;"
          },
          {
            "c": "29 cm"
          }
        ]
      }
    },
    {
      "336": {
        "ind1": "\\",
        "ind2": "\\",
        "subfields": [
          {
            "a": "text"
          },
          {
            "b": "txt"
          },
          {
            "2": "rdacontent"
          }
        ]
      }
    },
    {
      "337": {
        "ind1": "\\",
        "ind2": "\\",
        "subfields": [
          {
            "a": "unmediated"
          },
          {
            "b": "n"
          },
          {
            "2": "rdamedia"
          }
        ]
      }
    },
    {
      "338": {
        "ind1": "\\",
        "ind2": "\\",
        "subfields": [
          {
            "a": "volume"
          },
          {
            "b": "nc"
          },
          {
            "2": "rdacarrier"
          }
        ]
      }
    },
    {
      "500": {
        "ind1": "\\",
        "ind2": "\\",
        "subfields": [
          {
            "a": "A combined ed. of two separately published works: Greenfield Village, and The Henry Ford Museum."
          }
        ]
      }
    },
    {
      "505": {
        "ind1": "0",
        "ind2": "\\",
        "subfields": [
          {
            "a": "Greenfield Village and Henry Ford Museum: \"Americana preserved\" -- Greenfield Village. I. Captains of industry -- II. Bridge to the past -- III. Around the Village green -- IV. Craft shop to factory -- V. Special events -- Henry Ford Museum. I. Decorative arts galleries : Furniture ; Clocks ; Metals ; Painting and sculpture ; Ceramics ; Presidential china ; Glass -- II. Street of shops and the Folk Art Collection -- III. Mechanical Arts Hall : Agriculture ; Domestic arts ; Lighting ; Power ; Machinery ; Communications ; Transportation -- IV. Special exhibitions -- V. American drama festival -- VI. Educational activities -- VII. Museum research library -- VIII. Ford archives."
          }
        ]
      }
    },
    {
      "610": {
        "ind1": "2",
        "ind2": "0",
        "subfields": [
          {
            "a": "Henry Ford Museum and Greenfield Village."
          }
        ]
      }
    },
    {
      "610": {
        "ind1": "2",
        "ind2": "7",
        "subfields": [
          {
            "a": "Henry Ford Museum and Greenfield Village."
          },
          {
            "2": "fast"
          },
          {
            "0": "(OCoLC)fst00538301"
          }
        ]
      }
    },
    {
      "710": {
        "ind1": "2",
        "ind2": "2",
        "subfields": [
          {
            "a": "Henry Ford Museum and Greenfield Village."
          },
          {
            "t": "Henry Ford Museum."
          }
        ]
      }
    },
    {
      "776": {
        "ind1": "0",
        "ind2": "8",
        "subfields": [
          {
            "i": "Online version:"
          },
          {
            "a": "Henry Ford Museum and Greenfield Village."
          },
          {
            "s": "Greenfield Village."
          },
          {
            "t": "Greenfield Village and the Henry Ford Museum."
          },
          {
            "d": "New York, Crown Publishers [1972]"
          },
          {
            "w": "(OCoLC)559250321"
          }
        ]
      }
    },
    {
      "776": {
        "ind1": "0",
        "ind2": "8",
        "subfields": [
          {
            "i": "Online version:"
          },
          {
            "a": "Henry Ford Museum and Greenfield Village."
          },
          {
            "s": "Greenfield Village."
          },
          {
            "t": "Greenfield Village and the Henry Ford Museum."
          },
          {
            "d": "New York, Crown Publishers [1972]"
          },
          {
            "w": "(OCoLC)609120602"
          }
        ]
      }
    },
    {
      "994": {
        "ind1": "\\",
        "ind2": "\\",
        "subfields": [
          {
            "a": "Z0"
          },
          {
            "b": "NYRVC"
          }
        ]
      }
    },
    {
      "948": {
        "ind1": "\\",
        "ind2": "\\",
        "subfields": [
          {
            "h": "NO HOLDINGS IN NYRVC - 354 OTHER HOLDINGS"
          }
        ]
      }
    },
    {
      "999": {
        "ind1": "\\",
        "ind2": "\\",
        "subfields": [
          {
            "a": "00000000024946"
          },
          {
            "b": "Copy 1"
          }
        ]
      }
    },
    {
      "999": {
        "ind1": "\\",
        "ind2": "\\",
        "subfields": [
          {
            "a": "00000000018108"
          },
          {
            "b": "Copy 2"
          }
        ]
      }
    }
  ]
}